@article{he2018feedback,
  title={Feedback formation control of UAV swarm with multiple implicit leaders},
  author={He, Lvlong and Bai, Peng and Liang, Xiaolong and Zhang, Jiaqiang and Wang, Weijia},
  journal={Aerospace Science and Technology},
  volume={72},
  pages={327--334},
  year={2018},
  publisher={Elsevier}
}

@article{navarro2012introduction,
  title={An introduction to swarm robotics},
  author={Navarro, I{\~n}aki and Mat{\'\i}a, Fernando},
  journal={Isrn robotics},
  volume={2013},
  year={2012},
  publisher={Hindawi Publishing Corporation}
}

@article{kim2006decentralized,
  title={Decentralized control of autonomous swarm systems using artificial potential functions: Analytical design guidelines},
  author={Kim, Dong Hun and Wang, Hua and Shin, Seiichi},
  journal={Journal of Intelligent and Robotic Systems},
  volume={45},
  number={4},
  pages={369--394},
  year={2006},
  publisher={Springer}
}

@inproceedings{saif2014flocking,
  title={Flocking of multiple unmanned aerial vehicles by lqr control},
  author={Saif, Osamah and Fantoni, Isabelle and Zavala-R{\'\i}o, Arturo},
  booktitle={2014 International Conference on Unmanned Aircraft Systems (ICUAS)},
  pages={222--228},
  year={2014},
  organization={IEEE}
}

@article{nitsche2015whycon,
  title={WhyCon: an efficient, marker-based localization system},
  author={Nitsche, Matias and Krajnik, Tomas and Cizek, Petr and Mejail, Marta and Duckett, Tom and others},
  year={2015}
}

@article{yang2015wifi,
  title={WiFi-based indoor positioning},
  author={Yang, Chouchang and Shao, Huai-Rong},
  journal={IEEE Communications Magazine},
  volume={53},
  number={3},
  pages={150--157},
  year={2015},
  publisher={IEEE}
}

@misc{nps,
  title = {NPS ARSENL Advances Team vs. Team Swarm Research},
  author = {Victoria Ochoa}
  howpublished = {\url{https://my.nps.edu/-/nps-arsenl-advances-team-vs-team-swarm-research}},
  note = {Accessed: 2019-05-26}
}

@misc{mavros,
  title = {MAVROS - MAVLink extendable communication node for ROS},
  howpublished = {\url{http://wiki.ros.org/mavros}},
  note = {Accessed: 2019-05-26}
}

